%YAML 1.1
%TAG !u! tag:unity3d.com,2011:
--- !u!114 &-8585671865960185252
MonoBehaviour:
  m_ObjectHideFlags: 0
  m_CorrespondingSourceObject: {fileID: 0}
  m_PrefabInstance: {fileID: 0}
  m_PrefabAsset: {fileID: 0}
  m_GameObject: {fileID: 0}
  m_Enabled: 1
  m_EditorHideFlags: 0
  m_Script: {fileID: 11500000, guid: 5eba7b4b2e3ea134991ccbff5f47c2c8, type: 3}
  m_Name: Navigate
  m_EditorClassIdentifier: 
  m_ActionMap: {fileID: 11400000}
  m_ActionIndex: 4
  m_ControlData:
    componentControlIndices: 0200000003000000
    controlType:
      m_TypeName: UnityEngine.InputNew.Vector2InputControl, input-prototype, Version=0.0.0.0,
        Culture=neutral, PublicKeyToken=null
    name: Navigate
    defaultValue: 0
--- !u!114 &-2091369996693657444
MonoBehaviour:
  m_ObjectHideFlags: 0
  m_CorrespondingSourceObject: {fileID: 0}
  m_PrefabInstance: {fileID: 0}
  m_PrefabAsset: {fileID: 0}
  m_GameObject: {fileID: 0}
  m_Enabled: 1
  m_EditorHideFlags: 0
  m_Script: {fileID: 11500000, guid: 5eba7b4b2e3ea134991ccbff5f47c2c8, type: 3}
  m_Name: BlockTrigger1
  m_EditorClassIdentifier: 
  m_ActionMap: {fileID: 11400000}
  m_ActionIndex: 5
  m_ControlData:
    componentControlIndices: 
    controlType:
      m_TypeName: UnityEngine.InputNew.ButtonInputControl, input-prototype, Version=0.0.0.0,
        Culture=neutral, PublicKeyToken=null
    name: BlockTrigger1
    defaultValue: 0
--- !u!114 &-1913867652123195111
MonoBehaviour:
  m_ObjectHideFlags: 0
  m_CorrespondingSourceObject: {fileID: 0}
  m_PrefabInstance: {fileID: 0}
  m_PrefabAsset: {fileID: 0}
  m_GameObject: {fileID: 0}
  m_Enabled: 1
  m_EditorHideFlags: 0
  m_Script: {fileID: 11500000, guid: 5eba7b4b2e3ea134991ccbff5f47c2c8, type: 3}
  m_Name: NavigateY
  m_EditorClassIdentifier: 
  m_ActionMap: {fileID: 11400000}
  m_ActionIndex: 3
  m_ControlData:
    componentControlIndices: 
    controlType:
      m_TypeName: UnityEngine.InputNew.AxisInputControl, input-prototype, Version=0.0.0.0,
        Culture=neutral, PublicKeyToken=null
    name: NavigateY
    defaultValue: 0
--- !u!114 &11400000
MonoBehaviour:
  m_ObjectHideFlags: 0
  m_CorrespondingSourceObject: {fileID: 0}
  m_PrefabInstance: {fileID: 0}
  m_PrefabAsset: {fileID: 0}
  m_GameObject: {fileID: 0}
  m_Enabled: 1
  m_EditorHideFlags: 0
  m_Script: {fileID: 11500000, guid: 24e5bc088c9caeb44bc4283dc321b033, type: 3}
  m_Name: ReflectMainMenuInput
  m_EditorClassIdentifier: 
  m_Actions:
  - {fileID: 7711304950140400386}
  - {fileID: 8695599098893464514}
  - {fileID: 8163749298265324962}
  - {fileID: -1913867652123195111}
  - {fileID: -8585671865960185252}
  - {fileID: -2091369996693657444}
  m_ControlSchemes:
  - m_Name: ReflectMainMenu
    m_DeviceSlots:
    - m_Key: 1
      m_Type:
        m_TypeName: UnityEngine.InputNew.VRInputDevice, input-prototype, Version=0.0.0.0,
          Culture=neutral, PublicKeyToken=null
      m_TagIndex: -1
    m_ActionMap: {fileID: 11400000}
    m_Bindings:
    - sources:
      - controlIndex: 18
        deviceKey: 1
      deadZone: 0.3
      buttonAxisSources: []
      gravity: 1000
      sensitivity: 1000
      snap: 1
      primaryIsButtonAxis: 0
    - sources:
      - controlIndex: 22
        deviceKey: 1
      deadZone: 0.3
      buttonAxisSources: []
      gravity: 1000
      sensitivity: 1000
      snap: 1
      primaryIsButtonAxis: 0
    - sources:
      - controlIndex: 0
        deviceKey: 1
      deadZone: 0.3
      buttonAxisSources: []
      gravity: 1000
      sensitivity: 1000
      snap: 1
      primaryIsButtonAxis: 0
    - sources:
      - controlIndex: 1
        deviceKey: 1
      deadZone: 0.3
      buttonAxisSources: []
      gravity: 1000
      sensitivity: 1000
      snap: 1
      primaryIsButtonAxis: 0
    - sources: []
      deadZone: 0.3
      buttonAxisSources: []
      gravity: 1000
      sensitivity: 1000
      snap: 1
      primaryIsButtonAxis: 0
    - sources:
      - controlIndex: 2
        deviceKey: 1
      deadZone: 0.3
      buttonAxisSources: []
      gravity: 1000
      sensitivity: 1000
      snap: 1
      primaryIsButtonAxis: 0
  m_MapTypeName: ReflectMainMenuInput, Assembly-CSharp, Version=0.0.0.0, Culture=neutral,
    PublicKeyToken=null
  m_CustomNamespace: UnityEngine.Reflect
--- !u!114 &7711304950140400386
MonoBehaviour:
  m_ObjectHideFlags: 0
  m_CorrespondingSourceObject: {fileID: 0}
  m_PrefabInstance: {fileID: 0}
  m_PrefabAsset: {fileID: 0}
  m_GameObject: {fileID: 0}
  m_Enabled: 1
  m_EditorHideFlags: 0
  m_Script: {fileID: 11500000, guid: 5eba7b4b2e3ea134991ccbff5f47c2c8, type: 3}
  m_Name: BlockAction2
  m_EditorClassIdentifier: 
  m_ActionMap: {fileID: 11400000}
  m_ActionIndex: 0
  m_ControlData:
    componentControlIndices: 
    controlType:
      m_TypeName: UnityEngine.InputNew.ButtonInputControl, input-prototype, Version=0.0.0.0,
        Culture=neutral, PublicKeyToken=null
    name: BlockAction2
    defaultValue: 0
--- !u!114 &8163749298265324962
MonoBehaviour:
  m_ObjectHideFlags: 0
  m_CorrespondingSourceObject: {fileID: 0}
  m_PrefabInstance: {fileID: 0}
  m_PrefabAsset: {fileID: 0}
  m_GameObject: {fileID: 0}
  m_Enabled: 1
  m_EditorHideFlags: 0
  m_Script: {fileID: 11500000, guid: 5eba7b4b2e3ea134991ccbff5f47c2c8, type: 3}
  m_Name: NavigateX
  m_EditorClassIdentifier: 
  m_ActionMap: {fileID: 11400000}
  m_ActionIndex: 2
  m_ControlData:
    componentControlIndices: 
    controlType:
      m_TypeName: UnityEngine.InputNew.AxisInputControl, input-prototype, Version=0.0.0.0,
        Culture=neutral, PublicKeyToken=null
    name: NavigateX
    defaultValue: 0
--- !u!114 &8695599098893464514
MonoBehaviour:
  m_ObjectHideFlags: 0
  m_CorrespondingSourceObject: {fileID: 0}
  m_PrefabInstance: {fileID: 0}
  m_PrefabAsset: {fileID: 0}
  m_GameObject: {fileID: 0}
  m_Enabled: 1
  m_EditorHideFlags: 0
  m_Script: {fileID: 11500000, guid: 5eba7b4b2e3ea134991ccbff5f47c2c8, type: 3}
  m_Name: SelectItem
  m_EditorClassIdentifier: 
  m_ActionMap: {fileID: 11400000}
  m_ActionIndex: 1
  m_ControlData:
    componentControlIndices: 
    controlType:
      m_TypeName: UnityEngine.InputNew.ButtonInputControl, input-prototype, Version=0.0.0.0,
        Culture=neutral, PublicKeyToken=null
    name: SelectItem
    defaultValue: 0
